[
  {
    "__type__": "cc.Prefab",
    "_name": "",
    "_objFlags": 0,
    "_rawFiles": null,
    "data": {
      "__id__": 1
    }
  },
  {
    "__type__": "cc.Node",
    "_name": "Circle_5_2",
    "_objFlags": 0,
    "_parent": null,
    "_children": [
      {
        "__id__": 2
      },
      {
        "__id__": 25
      }
    ],
    "_tag": -1,
    "_active": true,
    "_components": [
      {
        "__id__": 48
      }
    ],
    "_prefab": {
      "__id__": 49
    },
    "_id": "",
    "_opacity": 255,
    "_color": {
      "__type__": "cc.Color",
      "r": 255,
      "g": 255,
      "b": 255,
      "a": 255
    },
    "_cascadeOpacityEnabled": true,
    "_anchorPoint": {
      "__type__": "cc.Vec2",
      "x": 0.5,
      "y": 0.57
    },
    "_contentSize": {
      "__type__": "cc.Size",
      "width": 280,
      "height": 490
    },
    "_rotationX": 0,
    "_rotationY": 0,
    "_scaleX": 1,
    "_scaleY": 1,
    "_position": {
      "__type__": "cc.Vec2",
      "x": 0,
      "y": 0
    },
    "_skewX": 0,
    "_skewY": 0,
    "_localZOrder": 0,
    "_globalZOrder": 0,
    "_opacityModifyRGB": false,
    "groupIndex": 0
  },
  {
    "__type__": "cc.Node",
    "_name": "Circle_1",
    "_objFlags": 0,
    "_parent": {
      "__id__": 1
    },
    "_children": [
      {
        "__id__": 3
      },
      {
        "__id__": 8
      },
      {
        "__id__": 13
      },
      {
        "__id__": 18
      }
    ],
    "_tag": -1,
    "_active": true,
    "_components": [
      {
        "__id__": 23
      }
    ],
    "_prefab": {
      "__id__": 24
    },
    "_id": "",
    "_opacity": 255,
    "_color": {
      "__type__": "cc.Color",
      "r": 255,
      "g": 255,
      "b": 255,
      "a": 255
    },
    "_cascadeOpacityEnabled": true,
    "_anchorPoint": {
      "__type__": "cc.Vec2",
      "x": 0.5,
      "y": 0.5
    },
    "_contentSize": {
      "__type__": "cc.Size",
      "width": 100,
      "height": 100
    },
    "_rotationX": 45,
    "_rotationY": 45,
    "_scaleX": 0.5,
    "_scaleY": 0.5,
    "_position": {
      "__type__": "cc.Vec2",
      "x": 0,
      "y": -140
    },
    "_skewX": 0,
    "_skewY": 0,
    "_localZOrder": 0,
    "_globalZOrder": 0,
    "_opacityModifyRGB": false,
    "groupIndex": 0
  },
  {
    "__type__": "cc.Node",
    "_name": "Red_0",
    "_objFlags": 0,
    "_parent": {
      "__id__": 2
    },
    "_children": [],
    "_tag": -1,
    "_active": true,
    "_components": [
      {
        "__id__": 4
      },
      {
        "__id__": 5
      },
      {
        "__id__": 6
      }
    ],
    "_prefab": {
      "__id__": 7
    },
    "_id": "",
    "_opacity": 255,
    "_color": {
      "__type__": "cc.Color",
      "r": 255,
      "g": 255,
      "b": 255,
      "a": 255
    },
    "_cascadeOpacityEnabled": true,
    "_anchorPoint": {
      "__type__": "cc.Vec2",
      "x": 0.5,
      "y": 0.5
    },
    "_contentSize": {
      "__type__": "cc.Size",
      "width": 280,
      "height": 280
    },
    "_rotationX": 180,
    "_rotationY": 180,
    "_scaleX": 1,
    "_scaleY": 1,
    "_position": {
      "__type__": "cc.Vec2",
      "x": -140,
      "y": 140
    },
    "_skewX": 0,
    "_skewY": 0,
    "_localZOrder": 0,
    "_globalZOrder": 0,
    "_opacityModifyRGB": false,
    "groupIndex": 0
  },
  {
    "__type__": "cc.Sprite",
    "_name": "",
    "_objFlags": 0,
    "node": {
      "__id__": 3
    },
    "_enabled": true,
    "_spriteFrame": {
      "__uuid__": "9ed3fda7-cdf5-43d5-a9ac-c03f7443aace"
    },
    "_type": 0,
    "_sizeMode": 1,
    "_fillType": 0,
    "_fillCenter": {
      "__type__": "cc.Vec2",
      "x": 0,
      "y": 0
    },
    "_fillStart": 0,
    "_fillRange": 0,
    "_isTrimmedMode": true,
    "_srcBlendFactor": 770,
    "_dstBlendFactor": 771,
    "_atlas": null
  },
  {
    "__type__": "be87dRV5z9M2aUsx+H4SOpm",
    "_name": "",
    "_objFlags": 0,
    "node": {
      "__id__": 3
    },
    "_enabled": true,
    "colorTag": 0
  },
  {
    "__type__": "cc.PolygonCollider",
    "_name": "",
    "_objFlags": 0,
    "node": {
      "__id__": 3
    },
    "_enabled": true,
    "tag": 0,
    "_offset": {
      "__type__": "cc.Vec2",
      "x": 0,
      "y": 0
    },
    "points": [
      {
        "__type__": "cc.Vec2",
        "x": -140,
        "y": -140
      },
      {
        "__type__": "cc.Vec2",
        "x": -140,
        "y": -93.5
      },
      {
        "__type__": "cc.Vec2",
        "x": -97.9,
        "y": -90.1
      },
      {
        "__type__": "cc.Vec2",
        "x": -61.8,
        "y": -79.6
      },
      {
        "__type__": "cc.Vec2",
        "x": -28.2,
        "y": -64.9
      },
      {
        "__type__": "cc.Vec2",
        "x": -2.4,
        "y": -50.2
      },
      {
        "__type__": "cc.Vec2",
        "x": 23.3,
        "y": -27.4
      },
      {
        "__type__": "cc.Vec2",
        "x": 42.4,
        "y": -7.4
      },
      {
        "__type__": "cc.Vec2",
        "x": 63,
        "y": 23.8
      },
      {
        "__type__": "cc.Vec2",
        "x": 77.8,
        "y": 56.1
      },
      {
        "__type__": "cc.Vec2",
        "x": 87.9,
        "y": 92.8
      },
      {
        "__type__": "cc.Vec2",
        "x": 93.5,
        "y": 140
      },
      {
        "__type__": "cc.Vec2",
        "x": 140,
        "y": 140
      },
      {
        "__type__": "cc.Vec2",
        "x": 131.9,
        "y": 77.5
      },
      {
        "__type__": "cc.Vec2",
        "x": 114.2,
        "y": 24
      },
      {
        "__type__": "cc.Vec2",
        "x": 89.1,
        "y": -22.1
      },
      {
        "__type__": "cc.Vec2",
        "x": 47,
        "y": -68
      },
      {
        "__type__": "cc.Vec2",
        "x": 11.6,
        "y": -95.1
      },
      {
        "__type__": "cc.Vec2",
        "x": -33.3,
        "y": -119
      },
      {
        "__type__": "cc.Vec2",
        "x": -84,
        "y": -134.2
      }
    ]
  },
  {
    "__type__": "cc.PrefabInfo",
    "root": {
      "__id__": 1
    },
    "asset": {
      "__uuid__": "e5a36729-f00d-4a12-a9df-cb08b91cd1fd"
    },
    "fileId": "3blFk6XxRPeKlRkJcOQsuv",
    "sync": false
  },
  {
    "__type__": "cc.Node",
    "_name": "Green_0",
    "_objFlags": 0,
    "_parent": {
      "__id__": 2
    },
    "_children": [],
    "_tag": -1,
    "_active": true,
    "_components": [
      {
        "__id__": 9
      },
      {
        "__id__": 10
      },
      {
        "__id__": 11
      }
    ],
    "_prefab": {
      "__id__": 12
    },
    "_id": "",
    "_opacity": 255,
    "_color": {
      "__type__": "cc.Color",
      "r": 255,
      "g": 255,
      "b": 255,
      "a": 255
    },
    "_cascadeOpacityEnabled": true,
    "_anchorPoint": {
      "__type__": "cc.Vec2",
      "x": 0.5,
      "y": 0.5
    },
    "_contentSize": {
      "__type__": "cc.Size",
      "width": 280,
      "height": 280
    },
    "_rotationX": 180,
    "_rotationY": 180,
    "_scaleX": 1,
    "_scaleY": 1,
    "_position": {
      "__type__": "cc.Vec2",
      "x": 140,
      "y": -140
    },
    "_skewX": 0,
    "_skewY": 0,
    "_localZOrder": 0,
    "_globalZOrder": 0,
    "_opacityModifyRGB": false,
    "groupIndex": 0
  },
  {
    "__type__": "cc.Sprite",
    "_name": "",
    "_objFlags": 0,
    "node": {
      "__id__": 8
    },
    "_enabled": true,
    "_spriteFrame": {
      "__uuid__": "9f101f79-95ab-40be-b7af-e057e58910c2"
    },
    "_type": 0,
    "_sizeMode": 1,
    "_fillType": 0,
    "_fillCenter": {
      "__type__": "cc.Vec2",
      "x": 0,
      "y": 0
    },
    "_fillStart": 0,
    "_fillRange": 0,
    "_isTrimmedMode": true,
    "_srcBlendFactor": 770,
    "_dstBlendFactor": 771,
    "_atlas": null
  },
  {
    "__type__": "be87dRV5z9M2aUsx+H4SOpm",
    "_name": "",
    "_objFlags": 0,
    "node": {
      "__id__": 8
    },
    "_enabled": true,
    "colorTag": 1
  },
  {
    "__type__": "cc.PolygonCollider",
    "_name": "",
    "_objFlags": 0,
    "node": {
      "__id__": 8
    },
    "_enabled": true,
    "tag": 0,
    "_offset": {
      "__type__": "cc.Vec2",
      "x": 0,
      "y": 0
    },
    "points": [
      {
        "__type__": "cc.Vec2",
        "x": 140,
        "y": 140
      },
      {
        "__type__": "cc.Vec2",
        "x": 140,
        "y": 93.5
      },
      {
        "__type__": "cc.Vec2",
        "x": 97.9,
        "y": 90.1
      },
      {
        "__type__": "cc.Vec2",
        "x": 61.8,
        "y": 79.6
      },
      {
        "__type__": "cc.Vec2",
        "x": 28.2,
        "y": 64.9
      },
      {
        "__type__": "cc.Vec2",
        "x": 2.4,
        "y": 50.2
      },
      {
        "__type__": "cc.Vec2",
        "x": -23.3,
        "y": 27.4
      },
      {
        "__type__": "cc.Vec2",
        "x": -42.4,
        "y": 7.4
      },
      {
        "__type__": "cc.Vec2",
        "x": -63,
        "y": -23.8
      },
      {
        "__type__": "cc.Vec2",
        "x": -77.8,
        "y": -56.1
      },
      {
        "__type__": "cc.Vec2",
        "x": -87.9,
        "y": -92.8
      },
      {
        "__type__": "cc.Vec2",
        "x": -93.5,
        "y": -140
      },
      {
        "__type__": "cc.Vec2",
        "x": -140,
        "y": -140
      },
      {
        "__type__": "cc.Vec2",
        "x": -131.9,
        "y": -77.5
      },
      {
        "__type__": "cc.Vec2",
        "x": -114.2,
        "y": -24
      },
      {
        "__type__": "cc.Vec2",
        "x": -89.1,
        "y": 22.1
      },
      {
        "__type__": "cc.Vec2",
        "x": -47,
        "y": 68
      },
      {
        "__type__": "cc.Vec2",
        "x": -11.6,
        "y": 95.1
      },
      {
        "__type__": "cc.Vec2",
        "x": 33.3,
        "y": 119
      },
      {
        "__type__": "cc.Vec2",
        "x": 84,
        "y": 134.2
      }
    ]
  },
  {
    "__type__": "cc.PrefabInfo",
    "root": {
      "__id__": 1
    },
    "asset": {
      "__uuid__": "e5a36729-f00d-4a12-a9df-cb08b91cd1fd"
    },
    "fileId": "5d3+N9vl9GV7UQ/Kf1oJFr",
    "sync": false
  },
  {
    "__type__": "cc.Node",
    "_name": "Blue_0",
    "_objFlags": 0,
    "_parent": {
      "__id__": 2
    },
    "_children": [],
    "_tag": -1,
    "_active": true,
    "_components": [
      {
        "__id__": 14
      },
      {
        "__id__": 15
      },
      {
        "__id__": 16
      }
    ],
    "_prefab": {
      "__id__": 17
    },
    "_id": "",
    "_opacity": 255,
    "_color": {
      "__type__": "cc.Color",
      "r": 255,
      "g": 255,
      "b": 255,
      "a": 255
    },
    "_cascadeOpacityEnabled": true,
    "_anchorPoint": {
      "__type__": "cc.Vec2",
      "x": 0.5,
      "y": 0.5
    },
    "_contentSize": {
      "__type__": "cc.Size",
      "width": 280,
      "height": 280
    },
    "_rotationX": 0,
    "_rotationY": 0,
    "_scaleX": 1,
    "_scaleY": 1,
    "_position": {
      "__type__": "cc.Vec2",
      "x": -140,
      "y": -140
    },
    "_skewX": 0,
    "_skewY": 0,
    "_localZOrder": 0,
    "_globalZOrder": 0,
    "_opacityModifyRGB": false,
    "groupIndex": 0
  },
  {
    "__type__": "cc.Sprite",
    "_name": "",
    "_objFlags": 0,
    "node": {
      "__id__": 13
    },
    "_enabled": true,
    "_spriteFrame": {
      "__uuid__": "fcb9a9c6-9dea-4a64-bfb2-3cddcf345be0"
    },
    "_type": 0,
    "_sizeMode": 1,
    "_fillType": 0,
    "_fillCenter": {
      "__type__": "cc.Vec2",
      "x": 0,
      "y": 0
    },
    "_fillStart": 0,
    "_fillRange": 0,
    "_isTrimmedMode": true,
    "_srcBlendFactor": 770,
    "_dstBlendFactor": 771,
    "_atlas": null
  },
  {
    "__type__": "be87dRV5z9M2aUsx+H4SOpm",
    "_name": "",
    "_objFlags": 0,
    "node": {
      "__id__": 13
    },
    "_enabled": true,
    "colorTag": 2
  },
  {
    "__type__": "cc.PolygonCollider",
    "_name": "",
    "_objFlags": 0,
    "node": {
      "__id__": 13
    },
    "_enabled": true,
    "tag": 0,
    "_offset": {
      "__type__": "cc.Vec2",
      "x": 0,
      "y": 0
    },
    "points": [
      {
        "__type__": "cc.Vec2",
        "x": 140,
        "y": -140
      },
      {
        "__type__": "cc.Vec2",
        "x": 140,
        "y": -93.5
      },
      {
        "__type__": "cc.Vec2",
        "x": 97.9,
        "y": -90.1
      },
      {
        "__type__": "cc.Vec2",
        "x": 61.8,
        "y": -79.6
      },
      {
        "__type__": "cc.Vec2",
        "x": 28.2,
        "y": -64.9
      },
      {
        "__type__": "cc.Vec2",
        "x": 2.4,
        "y": -50.2
      },
      {
        "__type__": "cc.Vec2",
        "x": -23.3,
        "y": -27.4
      },
      {
        "__type__": "cc.Vec2",
        "x": -42.4,
        "y": -7.4
      },
      {
        "__type__": "cc.Vec2",
        "x": -63,
        "y": 23.8
      },
      {
        "__type__": "cc.Vec2",
        "x": -77.8,
        "y": 56.1
      },
      {
        "__type__": "cc.Vec2",
        "x": -87.9,
        "y": 92.8
      },
      {
        "__type__": "cc.Vec2",
        "x": -93.5,
        "y": 140
      },
      {
        "__type__": "cc.Vec2",
        "x": -140,
        "y": 140
      },
      {
        "__type__": "cc.Vec2",
        "x": -131.9,
        "y": 77.5
      },
      {
        "__type__": "cc.Vec2",
        "x": -114.2,
        "y": 24
      },
      {
        "__type__": "cc.Vec2",
        "x": -89.1,
        "y": -22.1
      },
      {
        "__type__": "cc.Vec2",
        "x": -47,
        "y": -68
      },
      {
        "__type__": "cc.Vec2",
        "x": -11.6,
        "y": -95.1
      },
      {
        "__type__": "cc.Vec2",
        "x": 33.3,
        "y": -119
      },
      {
        "__type__": "cc.Vec2",
        "x": 84,
        "y": -134.2
      }
    ]
  },
  {
    "__type__": "cc.PrefabInfo",
    "root": {
      "__id__": 1
    },
    "asset": {
      "__uuid__": "e5a36729-f00d-4a12-a9df-cb08b91cd1fd"
    },
    "fileId": "e8k0xpV+xONZJfTIojrsAQ",
    "sync": false
  },
  {
    "__type__": "cc.Node",
    "_name": "Purple_0",
    "_objFlags": 0,
    "_parent": {
      "__id__": 2
    },
    "_children": [],
    "_tag": -1,
    "_active": true,
    "_components": [
      {
        "__id__": 19
      },
      {
        "__id__": 20
      },
      {
        "__id__": 21
      }
    ],
    "_prefab": {
      "__id__": 22
    },
    "_id": "",
    "_opacity": 255,
    "_color": {
      "__type__": "cc.Color",
      "r": 255,
      "g": 255,
      "b": 255,
      "a": 255
    },
    "_cascadeOpacityEnabled": true,
    "_anchorPoint": {
      "__type__": "cc.Vec2",
      "x": 0.5,
      "y": 0.5
    },
    "_contentSize": {
      "__type__": "cc.Size",
      "width": 280,
      "height": 280
    },
    "_rotationX": 0,
    "_rotationY": 0,
    "_scaleX": 1,
    "_scaleY": 1,
    "_position": {
      "__type__": "cc.Vec2",
      "x": 140,
      "y": 140
    },
    "_skewX": 0,
    "_skewY": 0,
    "_localZOrder": 0,
    "_globalZOrder": 0,
    "_opacityModifyRGB": false,
    "groupIndex": 0
  },
  {
    "__type__": "cc.Sprite",
    "_name": "",
    "_objFlags": 0,
    "node": {
      "__id__": 18
    },
    "_enabled": true,
    "_spriteFrame": {
      "__uuid__": "e7d73061-5d09-4867-9d46-13e8322f2b8b"
    },
    "_type": 0,
    "_sizeMode": 1,
    "_fillType": 0,
    "_fillCenter": {
      "__type__": "cc.Vec2",
      "x": 0,
      "y": 0
    },
    "_fillStart": 0,
    "_fillRange": 0,
    "_isTrimmedMode": true,
    "_srcBlendFactor": 770,
    "_dstBlendFactor": 771,
    "_atlas": null
  },
  {
    "__type__": "be87dRV5z9M2aUsx+H4SOpm",
    "_name": "",
    "_objFlags": 0,
    "node": {
      "__id__": 18
    },
    "_enabled": true,
    "colorTag": 3
  },
  {
    "__type__": "cc.PolygonCollider",
    "_name": "",
    "_objFlags": 0,
    "node": {
      "__id__": 18
    },
    "_enabled": true,
    "tag": 0,
    "_offset": {
      "__type__": "cc.Vec2",
      "x": 0,
      "y": 0
    },
    "points": [
      {
        "__type__": "cc.Vec2",
        "x": -140,
        "y": 140
      },
      {
        "__type__": "cc.Vec2",
        "x": -140,
        "y": 93.5
      },
      {
        "__type__": "cc.Vec2",
        "x": -97.9,
        "y": 90.1
      },
      {
        "__type__": "cc.Vec2",
        "x": -61.8,
        "y": 79.6
      },
      {
        "__type__": "cc.Vec2",
        "x": -28.2,
        "y": 64.9
      },
      {
        "__type__": "cc.Vec2",
        "x": -2.4,
        "y": 50.2
      },
      {
        "__type__": "cc.Vec2",
        "x": 23.3,
        "y": 27.4
      },
      {
        "__type__": "cc.Vec2",
        "x": 42.4,
        "y": 7.4
      },
      {
        "__type__": "cc.Vec2",
        "x": 63,
        "y": -23.8
      },
      {
        "__type__": "cc.Vec2",
        "x": 77.8,
        "y": -56.1
      },
      {
        "__type__": "cc.Vec2",
        "x": 87.9,
        "y": -92.8
      },
      {
        "__type__": "cc.Vec2",
        "x": 93.5,
        "y": -140
      },
      {
        "__type__": "cc.Vec2",
        "x": 140,
        "y": -140
      },
      {
        "__type__": "cc.Vec2",
        "x": 131.9,
        "y": -77.5
      },
      {
        "__type__": "cc.Vec2",
        "x": 114.2,
        "y": -24
      },
      {
        "__type__": "cc.Vec2",
        "x": 89.1,
        "y": 22.1
      },
      {
        "__type__": "cc.Vec2",
        "x": 47,
        "y": 68
      },
      {
        "__type__": "cc.Vec2",
        "x": 11.6,
        "y": 95.1
      },
      {
        "__type__": "cc.Vec2",
        "x": -33.3,
        "y": 119
      },
      {
        "__type__": "cc.Vec2",
        "x": -84,
        "y": 134.2
      }
    ]
  },
  {
    "__type__": "cc.PrefabInfo",
    "root": {
      "__id__": 1
    },
    "asset": {
      "__uuid__": "e5a36729-f00d-4a12-a9df-cb08b91cd1fd"
    },
    "fileId": "baias8IvdHBabyIpGc3IkT",
    "sync": false
  },
  {
    "__type__": "f1b2arZc05ONIv1S9Ah+JU3",
    "_name": "",
    "_objFlags": 0,
    "node": {
      "__id__": 2
    },
    "_enabled": true,
    "angle": -100,
    "isSpecial": false
  },
  {
    "__type__": "cc.PrefabInfo",
    "root": {
      "__id__": 1
    },
    "asset": {
      "__uuid__": "e5a36729-f00d-4a12-a9df-cb08b91cd1fd"
    },
    "fileId": "08O5Ur99ZP+5yaN0WOcHqH",
    "sync": false
  },
  {
    "__type__": "cc.Node",
    "_name": "Circle_1_2",
    "_objFlags": 0,
    "_parent": {
      "__id__": 1
    },
    "_children": [
      {
        "__id__": 26
      },
      {
        "__id__": 31
      },
      {
        "__id__": 36
      },
      {
        "__id__": 41
      }
    ],
    "_tag": -1,
    "_active": true,
    "_components": [
      {
        "__id__": 46
      }
    ],
    "_prefab": {
      "__id__": 47
    },
    "_id": "",
    "_opacity": 255,
    "_color": {
      "__type__": "cc.Color",
      "r": 255,
      "g": 255,
      "b": 255,
      "a": 255
    },
    "_cascadeOpacityEnabled": true,
    "_anchorPoint": {
      "__type__": "cc.Vec2",
      "x": 0.5,
      "y": 0.5
    },
    "_contentSize": {
      "__type__": "cc.Size",
      "width": 100,
      "height": 100
    },
    "_rotationX": 45,
    "_rotationY": 45,
    "_scaleX": 0.38,
    "_scaleY": 0.38,
    "_position": {
      "__type__": "cc.Vec2",
      "x": 0,
      "y": 106
    },
    "_skewX": 0,
    "_skewY": 0,
    "_localZOrder": 0,
    "_globalZOrder": 0,
    "_opacityModifyRGB": false,
    "groupIndex": 0
  },
  {
    "__type__": "cc.Node",
    "_name": "Red_0",
    "_objFlags": 0,
    "_parent": {
      "__id__": 25
    },
    "_children": [],
    "_tag": -1,
    "_active": true,
    "_components": [
      {
        "__id__": 27
      },
      {
        "__id__": 28
      },
      {
        "__id__": 29
      }
    ],
    "_prefab": {
      "__id__": 30
    },
    "_id": "",
    "_opacity": 255,
    "_color": {
      "__type__": "cc.Color",
      "r": 255,
      "g": 255,
      "b": 255,
      "a": 255
    },
    "_cascadeOpacityEnabled": true,
    "_anchorPoint": {
      "__type__": "cc.Vec2",
      "x": 0.5,
      "y": 0.5
    },
    "_contentSize": {
      "__type__": "cc.Size",
      "width": 280,
      "height": 280
    },
    "_rotationX": 0,
    "_rotationY": 0,
    "_scaleX": 1,
    "_scaleY": 1,
    "_position": {
      "__type__": "cc.Vec2",
      "x": 140,
      "y": -140
    },
    "_skewX": 0,
    "_skewY": 0,
    "_localZOrder": 0,
    "_globalZOrder": 0,
    "_opacityModifyRGB": false,
    "groupIndex": 0
  },
  {
    "__type__": "cc.Sprite",
    "_name": "",
    "_objFlags": 0,
    "node": {
      "__id__": 26
    },
    "_enabled": true,
    "_spriteFrame": {
      "__uuid__": "9ed3fda7-cdf5-43d5-a9ac-c03f7443aace"
    },
    "_type": 0,
    "_sizeMode": 1,
    "_fillType": 0,
    "_fillCenter": {
      "__type__": "cc.Vec2",
      "x": 0,
      "y": 0
    },
    "_fillStart": 0,
    "_fillRange": 0,
    "_isTrimmedMode": true,
    "_srcBlendFactor": 770,
    "_dstBlendFactor": 771,
    "_atlas": null
  },
  {
    "__type__": "be87dRV5z9M2aUsx+H4SOpm",
    "_name": "",
    "_objFlags": 0,
    "node": {
      "__id__": 26
    },
    "_enabled": true,
    "colorTag": 0
  },
  {
    "__type__": "cc.PolygonCollider",
    "_name": "",
    "_objFlags": 0,
    "node": {
      "__id__": 26
    },
    "_enabled": true,
    "tag": 0,
    "_offset": {
      "__type__": "cc.Vec2",
      "x": 0,
      "y": 0
    },
    "points": [
      {
        "__type__": "cc.Vec2",
        "x": -140,
        "y": -140
      },
      {
        "__type__": "cc.Vec2",
        "x": -140,
        "y": -93.5
      },
      {
        "__type__": "cc.Vec2",
        "x": -97.9,
        "y": -90.1
      },
      {
        "__type__": "cc.Vec2",
        "x": -61.8,
        "y": -79.6
      },
      {
        "__type__": "cc.Vec2",
        "x": -28.2,
        "y": -64.9
      },
      {
        "__type__": "cc.Vec2",
        "x": -2.4,
        "y": -50.2
      },
      {
        "__type__": "cc.Vec2",
        "x": 23.3,
        "y": -27.4
      },
      {
        "__type__": "cc.Vec2",
        "x": 42.4,
        "y": -7.4
      },
      {
        "__type__": "cc.Vec2",
        "x": 63,
        "y": 23.8
      },
      {
        "__type__": "cc.Vec2",
        "x": 77.8,
        "y": 56.1
      },
      {
        "__type__": "cc.Vec2",
        "x": 87.9,
        "y": 92.8
      },
      {
        "__type__": "cc.Vec2",
        "x": 93.5,
        "y": 140
      },
      {
        "__type__": "cc.Vec2",
        "x": 140,
        "y": 140
      },
      {
        "__type__": "cc.Vec2",
        "x": 131.9,
        "y": 77.5
      },
      {
        "__type__": "cc.Vec2",
        "x": 114.2,
        "y": 24
      },
      {
        "__type__": "cc.Vec2",
        "x": 89.1,
        "y": -22.1
      },
      {
        "__type__": "cc.Vec2",
        "x": 47,
        "y": -68
      },
      {
        "__type__": "cc.Vec2",
        "x": 11.6,
        "y": -95.1
      },
      {
        "__type__": "cc.Vec2",
        "x": -33.3,
        "y": -119
      },
      {
        "__type__": "cc.Vec2",
        "x": -84,
        "y": -134.2
      }
    ]
  },
  {
    "__type__": "cc.PrefabInfo",
    "root": {
      "__id__": 1
    },
    "asset": {
      "__uuid__": "e5a36729-f00d-4a12-a9df-cb08b91cd1fd"
    },
    "fileId": "fcQZlmmlVFw5o+0Yra3H9M",
    "sync": false
  },
  {
    "__type__": "cc.Node",
    "_name": "Green_0",
    "_objFlags": 0,
    "_parent": {
      "__id__": 25
    },
    "_children": [],
    "_tag": -1,
    "_active": true,
    "_components": [
      {
        "__id__": 32
      },
      {
        "__id__": 33
      },
      {
        "__id__": 34
      }
    ],
    "_prefab": {
      "__id__": 35
    },
    "_id": "",
    "_opacity": 255,
    "_color": {
      "__type__": "cc.Color",
      "r": 255,
      "g": 255,
      "b": 255,
      "a": 255
    },
    "_cascadeOpacityEnabled": true,
    "_anchorPoint": {
      "__type__": "cc.Vec2",
      "x": 0.5,
      "y": 0.5
    },
    "_contentSize": {
      "__type__": "cc.Size",
      "width": 280,
      "height": 280
    },
    "_rotationX": 0,
    "_rotationY": 0,
    "_scaleX": 1,
    "_scaleY": 1,
    "_position": {
      "__type__": "cc.Vec2",
      "x": -140,
      "y": 140
    },
    "_skewX": 0,
    "_skewY": 0,
    "_localZOrder": 0,
    "_globalZOrder": 0,
    "_opacityModifyRGB": false,
    "groupIndex": 0
  },
  {
    "__type__": "cc.Sprite",
    "_name": "",
    "_objFlags": 0,
    "node": {
      "__id__": 31
    },
    "_enabled": true,
    "_spriteFrame": {
      "__uuid__": "9f101f79-95ab-40be-b7af-e057e58910c2"
    },
    "_type": 0,
    "_sizeMode": 1,
    "_fillType": 0,
    "_fillCenter": {
      "__type__": "cc.Vec2",
      "x": 0,
      "y": 0
    },
    "_fillStart": 0,
    "_fillRange": 0,
    "_isTrimmedMode": true,
    "_srcBlendFactor": 770,
    "_dstBlendFactor": 771,
    "_atlas": null
  },
  {
    "__type__": "be87dRV5z9M2aUsx+H4SOpm",
    "_name": "",
    "_objFlags": 0,
    "node": {
      "__id__": 31
    },
    "_enabled": true,
    "colorTag": 1
  },
  {
    "__type__": "cc.PolygonCollider",
    "_name": "",
    "_objFlags": 0,
    "node": {
      "__id__": 31
    },
    "_enabled": true,
    "tag": 0,
    "_offset": {
      "__type__": "cc.Vec2",
      "x": 0,
      "y": 0
    },
    "points": [
      {
        "__type__": "cc.Vec2",
        "x": 140,
        "y": 140
      },
      {
        "__type__": "cc.Vec2",
        "x": 140,
        "y": 93.5
      },
      {
        "__type__": "cc.Vec2",
        "x": 97.9,
        "y": 90.1
      },
      {
        "__type__": "cc.Vec2",
        "x": 61.8,
        "y": 79.6
      },
      {
        "__type__": "cc.Vec2",
        "x": 28.2,
        "y": 64.9
      },
      {
        "__type__": "cc.Vec2",
        "x": 2.4,
        "y": 50.2
      },
      {
        "__type__": "cc.Vec2",
        "x": -23.3,
        "y": 27.4
      },
      {
        "__type__": "cc.Vec2",
        "x": -42.4,
        "y": 7.4
      },
      {
        "__type__": "cc.Vec2",
        "x": -63,
        "y": -23.8
      },
      {
        "__type__": "cc.Vec2",
        "x": -77.8,
        "y": -56.1
      },
      {
        "__type__": "cc.Vec2",
        "x": -87.9,
        "y": -92.8
      },
      {
        "__type__": "cc.Vec2",
        "x": -93.5,
        "y": -140
      },
      {
        "__type__": "cc.Vec2",
        "x": -140,
        "y": -140
      },
      {
        "__type__": "cc.Vec2",
        "x": -131.9,
        "y": -77.5
      },
      {
        "__type__": "cc.Vec2",
        "x": -114.2,
        "y": -24
      },
      {
        "__type__": "cc.Vec2",
        "x": -89.1,
        "y": 22.1
      },
      {
        "__type__": "cc.Vec2",
        "x": -47,
        "y": 68
      },
      {
        "__type__": "cc.Vec2",
        "x": -11.6,
        "y": 95.1
      },
      {
        "__type__": "cc.Vec2",
        "x": 33.3,
        "y": 119
      },
      {
        "__type__": "cc.Vec2",
        "x": 84,
        "y": 134.2
      }
    ]
  },
  {
    "__type__": "cc.PrefabInfo",
    "root": {
      "__id__": 1
    },
    "asset": {
      "__uuid__": "e5a36729-f00d-4a12-a9df-cb08b91cd1fd"
    },
    "fileId": "38a7f6rlJKY5F783e75/Z8",
    "sync": false
  },
  {
    "__type__": "cc.Node",
    "_name": "Blue_0",
    "_objFlags": 0,
    "_parent": {
      "__id__": 25
    },
    "_children": [],
    "_tag": -1,
    "_active": true,
    "_components": [
      {
        "__id__": 37
      },
      {
        "__id__": 38
      },
      {
        "__id__": 39
      }
    ],
    "_prefab": {
      "__id__": 40
    },
    "_id": "",
    "_opacity": 255,
    "_color": {
      "__type__": "cc.Color",
      "r": 255,
      "g": 255,
      "b": 255,
      "a": 255
    },
    "_cascadeOpacityEnabled": true,
    "_anchorPoint": {
      "__type__": "cc.Vec2",
      "x": 0.5,
      "y": 0.5
    },
    "_contentSize": {
      "__type__": "cc.Size",
      "width": 280,
      "height": 280
    },
    "_rotationX": 0,
    "_rotationY": 0,
    "_scaleX": 1,
    "_scaleY": 1,
    "_position": {
      "__type__": "cc.Vec2",
      "x": -140,
      "y": -140
    },
    "_skewX": 0,
    "_skewY": 0,
    "_localZOrder": 0,
    "_globalZOrder": 0,
    "_opacityModifyRGB": false,
    "groupIndex": 0
  },
  {
    "__type__": "cc.Sprite",
    "_name": "",
    "_objFlags": 0,
    "node": {
      "__id__": 36
    },
    "_enabled": true,
    "_spriteFrame": {
      "__uuid__": "fcb9a9c6-9dea-4a64-bfb2-3cddcf345be0"
    },
    "_type": 0,
    "_sizeMode": 1,
    "_fillType": 0,
    "_fillCenter": {
      "__type__": "cc.Vec2",
      "x": 0,
      "y": 0
    },
    "_fillStart": 0,
    "_fillRange": 0,
    "_isTrimmedMode": true,
    "_srcBlendFactor": 770,
    "_dstBlendFactor": 771,
    "_atlas": null
  },
  {
    "__type__": "be87dRV5z9M2aUsx+H4SOpm",
    "_name": "",
    "_objFlags": 0,
    "node": {
      "__id__": 36
    },
    "_enabled": true,
    "colorTag": 2
  },
  {
    "__type__": "cc.PolygonCollider",
    "_name": "",
    "_objFlags": 0,
    "node": {
      "__id__": 36
    },
    "_enabled": true,
    "tag": 0,
    "_offset": {
      "__type__": "cc.Vec2",
      "x": 0,
      "y": 0
    },
    "points": [
      {
        "__type__": "cc.Vec2",
        "x": 140,
        "y": -140
      },
      {
        "__type__": "cc.Vec2",
        "x": 140,
        "y": -93.5
      },
      {
        "__type__": "cc.Vec2",
        "x": 97.9,
        "y": -90.1
      },
      {
        "__type__": "cc.Vec2",
        "x": 61.8,
        "y": -79.6
      },
      {
        "__type__": "cc.Vec2",
        "x": 28.2,
        "y": -64.9
      },
      {
        "__type__": "cc.Vec2",
        "x": 2.4,
        "y": -50.2
      },
      {
        "__type__": "cc.Vec2",
        "x": -23.3,
        "y": -27.4
      },
      {
        "__type__": "cc.Vec2",
        "x": -42.4,
        "y": -7.4
      },
      {
        "__type__": "cc.Vec2",
        "x": -63,
        "y": 23.8
      },
      {
        "__type__": "cc.Vec2",
        "x": -77.8,
        "y": 56.1
      },
      {
        "__type__": "cc.Vec2",
        "x": -87.9,
        "y": 92.8
      },
      {
        "__type__": "cc.Vec2",
        "x": -93.5,
        "y": 140
      },
      {
        "__type__": "cc.Vec2",
        "x": -140,
        "y": 140
      },
      {
        "__type__": "cc.Vec2",
        "x": -131.9,
        "y": 77.5
      },
      {
        "__type__": "cc.Vec2",
        "x": -114.2,
        "y": 24
      },
      {
        "__type__": "cc.Vec2",
        "x": -89.1,
        "y": -22.1
      },
      {
        "__type__": "cc.Vec2",
        "x": -47,
        "y": -68
      },
      {
        "__type__": "cc.Vec2",
        "x": -11.6,
        "y": -95.1
      },
      {
        "__type__": "cc.Vec2",
        "x": 33.3,
        "y": -119
      },
      {
        "__type__": "cc.Vec2",
        "x": 84,
        "y": -134.2
      }
    ]
  },
  {
    "__type__": "cc.PrefabInfo",
    "root": {
      "__id__": 1
    },
    "asset": {
      "__uuid__": "e5a36729-f00d-4a12-a9df-cb08b91cd1fd"
    },
    "fileId": "c0zs1MqgtEVoB27cIY5yz4",
    "sync": false
  },
  {
    "__type__": "cc.Node",
    "_name": "Purple_0",
    "_objFlags": 0,
    "_parent": {
      "__id__": 25
    },
    "_children": [],
    "_tag": -1,
    "_active": true,
    "_components": [
      {
        "__id__": 42
      },
      {
        "__id__": 43
      },
      {
        "__id__": 44
      }
    ],
    "_prefab": {
      "__id__": 45
    },
    "_id": "",
    "_opacity": 255,
    "_color": {
      "__type__": "cc.Color",
      "r": 255,
      "g": 255,
      "b": 255,
      "a": 255
    },
    "_cascadeOpacityEnabled": true,
    "_anchorPoint": {
      "__type__": "cc.Vec2",
      "x": 0.5,
      "y": 0.5
    },
    "_contentSize": {
      "__type__": "cc.Size",
      "width": 280,
      "height": 280
    },
    "_rotationX": 0,
    "_rotationY": 0,
    "_scaleX": 1,
    "_scaleY": 1,
    "_position": {
      "__type__": "cc.Vec2",
      "x": 140,
      "y": 140
    },
    "_skewX": 0,
    "_skewY": 0,
    "_localZOrder": 0,
    "_globalZOrder": 0,
    "_opacityModifyRGB": false,
    "groupIndex": 0
  },
  {
    "__type__": "cc.Sprite",
    "_name": "",
    "_objFlags": 0,
    "node": {
      "__id__": 41
    },
    "_enabled": true,
    "_spriteFrame": {
      "__uuid__": "e7d73061-5d09-4867-9d46-13e8322f2b8b"
    },
    "_type": 0,
    "_sizeMode": 1,
    "_fillType": 0,
    "_fillCenter": {
      "__type__": "cc.Vec2",
      "x": 0,
      "y": 0
    },
    "_fillStart": 0,
    "_fillRange": 0,
    "_isTrimmedMode": true,
    "_srcBlendFactor": 770,
    "_dstBlendFactor": 771,
    "_atlas": null
  },
  {
    "__type__": "be87dRV5z9M2aUsx+H4SOpm",
    "_name": "",
    "_objFlags": 0,
    "node": {
      "__id__": 41
    },
    "_enabled": true,
    "colorTag": 3
  },
  {
    "__type__": "cc.PolygonCollider",
    "_name": "",
    "_objFlags": 0,
    "node": {
      "__id__": 41
    },
    "_enabled": true,
    "tag": 0,
    "_offset": {
      "__type__": "cc.Vec2",
      "x": 0,
      "y": 0
    },
    "points": [
      {
        "__type__": "cc.Vec2",
        "x": -140,
        "y": 140
      },
      {
        "__type__": "cc.Vec2",
        "x": -140,
        "y": 93.5
      },
      {
        "__type__": "cc.Vec2",
        "x": -97.9,
        "y": 90.1
      },
      {
        "__type__": "cc.Vec2",
        "x": -61.8,
        "y": 79.6
      },
      {
        "__type__": "cc.Vec2",
        "x": -28.2,
        "y": 64.9
      },
      {
        "__type__": "cc.Vec2",
        "x": -2.4,
        "y": 50.2
      },
      {
        "__type__": "cc.Vec2",
        "x": 23.3,
        "y": 27.4
      },
      {
        "__type__": "cc.Vec2",
        "x": 42.4,
        "y": 7.4
      },
      {
        "__type__": "cc.Vec2",
        "x": 63,
        "y": -23.8
      },
      {
        "__type__": "cc.Vec2",
        "x": 77.8,
        "y": -56.1
      },
      {
        "__type__": "cc.Vec2",
        "x": 87.9,
        "y": -92.8
      },
      {
        "__type__": "cc.Vec2",
        "x": 93.5,
        "y": -140
      },
      {
        "__type__": "cc.Vec2",
        "x": 140,
        "y": -140
      },
      {
        "__type__": "cc.Vec2",
        "x": 131.9,
        "y": -77.5
      },
      {
        "__type__": "cc.Vec2",
        "x": 114.2,
        "y": -24
      },
      {
        "__type__": "cc.Vec2",
        "x": 89.1,
        "y": 22.1
      },
      {
        "__type__": "cc.Vec2",
        "x": 47,
        "y": 68
      },
      {
        "__type__": "cc.Vec2",
        "x": 11.6,
        "y": 95.1
      },
      {
        "__type__": "cc.Vec2",
        "x": -33.3,
        "y": 119
      },
      {
        "__type__": "cc.Vec2",
        "x": -84,
        "y": 134.2
      }
    ]
  },
  {
    "__type__": "cc.PrefabInfo",
    "root": {
      "__id__": 1
    },
    "asset": {
      "__uuid__": "e5a36729-f00d-4a12-a9df-cb08b91cd1fd"
    },
    "fileId": "83TWMmWuZJQI0awI+BtqJr",
    "sync": false
  },
  {
    "__type__": "f1b2arZc05ONIv1S9Ah+JU3",
    "_name": "",
    "_objFlags": 0,
    "node": {
      "__id__": 25
    },
    "_enabled": true,
    "angle": 100,
    "isSpecial": false
  },
  {
    "__type__": "cc.PrefabInfo",
    "root": {
      "__id__": 1
    },
    "asset": {
      "__uuid__": "e5a36729-f00d-4a12-a9df-cb08b91cd1fd"
    },
    "fileId": "3c5viHbrFBdbC9f/RzIxj/",
    "sync": false
  },
  {
    "__type__": "8c5ffAbAkNL34d0Lil5cUC1",
    "_name": "",
    "_objFlags": 0,
    "node": {
      "__id__": 1
    },
    "_enabled": true,
    "isDead": false,
    "isTube": false
  },
  {
    "__type__": "cc.PrefabInfo",
    "root": {
      "__id__": 1
    },
    "asset": {
      "__uuid__": "e5a36729-f00d-4a12-a9df-cb08b91cd1fd"
    },
    "fileId": "b2FVcfxr9Ak56kO0VR2FKr",
    "sync": false
  }
]